
@incollection{hodges_logic_2024,
	edition = {Winter 2024},
	title = {Logic and Games},
	url = {https://plato.stanford.edu/archives/win2024/entries/logic-games/},
	abstract = {Games between two players, of the kind where one player wins and oneloses, became a familiar tool in many branches of logic during thesecond half of the twentieth century. Important examples are semanticgames used to define truth, back-and-forth games used to comparestructures, and dialogue games to express (and perhaps explain) formalproofs.},
	booktitle = {The Stanford Encyclopedia of Philosophy},
	publisher = {Metaphysics Research Lab, Stanford University},
	author = {Hodges, Wilfrid and Väänänen, Jouko},
	editor = {Zalta, Edward N. and Nodelman, Uri},
	urldate = {2025-05-29},
	date = {2024},
	file = {SEP - Snapshot:/Users/davidepeccioli/Documents/3. Resources/Zotero/storage/6YXE2DT4/logic-games.html:text/html},
}
