@incollection{sep,
	edition = {Winter 2024},
	title = {Logic and Games},
	url = {https://plato.stanford.edu/archives/win2024/entries/logic-games/},
	abstract = {Games between two players, of the kind where one player wins and oneloses, became a familiar tool in many branches of logic during thesecond half of the twentieth century. Important examples are semanticgames used to define truth, back-and-forth games used to comparestructures, and dialogue games to express (and perhaps explain) formalproofs.},
	booktitle = {The Stanford Encyclopedia of Philosophy},
}
@book{kechris,
	location = {New York, {NY}},
	title = {Classical Descriptive Set Theory},
	series = {Graduate Texts in Mathematics},
	number = {156},
	publisher = {Springer New York},
	author = {Kechris, Alexander S.},
	date = {1995},
}
@misc{lmr,
  author       = {Motto Ros, Luca},
  title        = {Notes on Descriptive Set Theory},
  year         = {2024},
  month        = {apr},
}
@MISC{mathoverflow,
    TITLE = {Banach-Mazur game and the Baire property},
    AUTHOR = {Pedro SÃ¡nchez Terraf},
    HOWPUBLISHED = {Mathematics Stack Exchange},
    URL = {https://math.stackexchange.com/q/3681151}
}
